% Encoding: UTF-8
%%%Order of these should reflect order that they appear. I put them here now as an example to remind me how later.

@Online{Irvine,
  title        = {Seoul Bike Sharing Demand Data Set},
  url          = {https://archive.ics.uci.edu/ml/datasets/Seoul+Bike+Sharing+Demand},
  organization = {University of California - Irvine},
  urldate      = {2021-05-06},
  month        = {3},
  year         = {2020},
}

@Article{datamining,
  author       = {Sathishkumar VE, Jangwoo Park, Yongyun Cho},
  date         = {2020-02-03},
  journaltitle = {Computer Communications},
  title        = {Using data mining techniques for bike sharing demand prediction in metropolitan city},
  doi          = {https://doi.org/10.1016/j.comcom.2020.02.007},
  url          = {https://www.sciencedirect.com/science/article/abs/pii/S0140366419318997},
  volume       = {153},
}

@Article{rulebased,
  author    = {Sathishkumar V E and Yongyun Cho},
  title     = {A rule-based model for Seoul Bike sharing demand prediction using weather data},
  doi       = {10.1080/22797254.2020.1725789},
  eprint    = {https://doi.org/10.1080/22797254.2020.1725789},
  number    = {sup1},
  pages     = {166-183},
  url       = {https://doi.org/10.1080/22797254.2020.1725789},
  volume    = {53},
  journal   = {European Journal of Remote Sensing},
  publisher = {Taylor & Francis},
  year      = {2020},
}

@Comment{jabref-meta: databaseType:biblatex;}
